<record><leader>00000cas a22000007a 4500</leader><controlfield tag="001">14337551</controlfield><controlfield tag="008">861003d193619uuutuwr ne      0    0eng d</controlfield><datafield ind1=" " ind2=" " tag="010"><subfield code="a">sn 86091570 </subfield></datafield><datafield ind1=" " ind2=" " tag="040"><subfield code="a">UNP</subfield><subfield code="b">eng</subfield><subfield code="c">UNP</subfield><subfield code="d">OCLCQ</subfield></datafield><datafield ind1=" " ind2=" " tag="042"><subfield code="a">msc</subfield></datafield><datafield ind1="0" ind2=" " tag="130"><subfield code="a">Washington star (Washington County, Utah)</subfield></datafield><datafield ind1="1" ind2="4" tag="245"><subfield code="a">The Washington star.</subfield></datafield><datafield ind1=" " ind2=" " tag="260"><subfield code="a">Washington County, Utah :</subfield><subfield code="b">B.I. Will Stickum,</subfield><subfield code="c">1936-</subfield></datafield><datafield ind1=" " ind2=" " tag="300"><subfield code="a">v. ;</subfield><subfield code="c">54 cm.</subfield></datafield><datafield ind1=" " ind2=" " tag="310"><subfield code="a">Weekly</subfield></datafield><datafield ind1="0" ind2=" " tag="362"><subfield code="a">Vol. 1, no. 1 (Jan. 20, 1936)-</subfield></datafield><datafield ind1=" " ind2=" " tag="500"><subfield code="a">"A newspaper with intestinal fortitude."</subfield></datafield><datafield ind1=" " ind2=" " tag="752"><subfield code="a">United States</subfield><subfield code="b">Utah</subfield><subfield code="c">Washington County.</subfield></datafield></record>